@misc{GWT,
	      author ={GWT Community},
	      title = {Developerâ€™s Guide},
	      url = {http://www.gwtproject.org/},
	      
	     
	  }